<?xml version="1.0" encoding="UTF-8"?><collection><record><leader>05679ntm a2200529 a 4500</leader><controlfield tag="001">006805003</controlfield><controlfield tag="003">MiAaHDL</controlfield><controlfield tag="005">20190719000000.0</controlfield><controlfield tag="006">m        d        </controlfield><controlfield tag="007">cr bn ---auaua</controlfield><controlfield tag="008">090529q12uu13uuxx            00| ||ara d</controlfield><datafield tag="035" ind1=" " ind2=" "><subfield code="a">(MiU)006805003</subfield></datafield><datafield tag="035" ind1=" " ind2=" "><subfield code="a">sdr-miu006805003</subfield></datafield><datafield tag="040" ind1=" " ind2=" "><subfield code="a">MiU</subfield><subfield code="c">MiU</subfield><subfield code="e">amremm</subfield></datafield><datafield tag="043" ind1=" " ind2=" "><subfield code="a">n-us-mi</subfield></datafield><datafield tag="245" ind1="0" ind2="3"><subfield code="6">880-03</subfield><subfield code="a">al-Thānī min Sharḥ al-Muntakhab fī al-uṣul,</subfield><subfield code="f">[13th or 14th century?].</subfield></datafield><datafield tag="246" ind1="3" ind2=" "><subfield code="i">Title from inscription on front flyleaf (p.1):</subfield><subfield code="a">شرح المنتخب في الاصول</subfield></datafield><datafield tag="260" ind1=" " ind2=" "><subfield code="c">[12-- or 13--?].</subfield></datafield><datafield tag="300" ind1=" " ind2=" "><subfield code="a">175 leaves :</subfield><subfield code="b">paper ;</subfield><subfield code="c">257 x 185-190 (175 x 103) mm.</subfield></datafield><datafield tag="500" ind1=" " ind2=" "><subfield code="a">Shelfmark: Ann Arbor, University of Michigan, Special Collections Library, Isl. Ms. 575</subfield></datafield><datafield tag="500" ind1=" " ind2=" "><subfield code="a">Origin: Lacks dated colophon ; paper and hand suggest 13th or 14th century.</subfield></datafield><datafield tag="500" ind1=" " ind2=" "><subfield code="a">Accompanying materials: a. Acquisitions slip from Yahuda -- b. Inventory cataloguing slip in hand of Winifred Smeaton Thomas.</subfield></datafield><datafield tag="500" ind1=" " ind2=" "><subfield code="a">Former shelfmark: From interior of upper cover "IL 220" (likely supplied by Yahuda, see acquisitions slip).</subfield></datafield><datafield tag="500" ind1=" " ind2=" "><subfield code="a">Binding: Boards covered in purple and black mottled paper (sponge painted or faux marbled look) with dark blue-green cloth over spine and fore edge flap ; Type II binding (with flap) ; pastedowns and flyleaves in brown wove paper ; resewn in yellow and cream thread, six stations ; worked chevron endbands (likely not original but with rebind) in yellow and blue ; overall in fair condition with some lifting and losses of paper, delamination of boards at corners, spine slant (slightly cocked), etc.</subfield></datafield><datafield tag="500" ind1=" " ind2=" "><subfield code="a">Support: non-European (likely Arab) laid paper with roughly 6 laid lines per cm. (vertical, curved and quite distinct, 20 in 33 mm.) and chain lines barely visible (horizontal) though possibly grouped in twos (or twos and threes) with 7-8 mm. between chains and 39-44 mm. between groups (see pp.70-71, 122, etc.) ; rib shadows also visible ; thick and fairly sturdy, lightly burnished, worn and soft, dark cream in color with inclusions and indissolved fibers ; ink burn and some pest damage.</subfield></datafield><datafield tag="500" ind1=" " ind2=" "><subfield code="a">Decoration: Keywords and section headings heavily bolded.</subfield></datafield><datafield tag="500" ind1=" " ind2=" "><subfield code="a">Script: Naskh ; mainly a large 'Syrian' or Egyptian hand in a bold line ; mainly serifless (though very slight right-sloping head-serifs appear on occasional alif and initial lām) with curvilinear descenders, open and closed counters, the lām alif al-warrāqīyah preferred, bar (shaqq) of kāf occasionally left off, some elongation of horizontal strokes, freely ligatured and only casually pointed in distinct dots ; opening quire (and recto of opening leaf of second, i.e. through p.21) supplied in a similar though different hand in a thinner line.</subfield></datafield><datafield tag="500" ind1=" " ind2=" "><subfield code="a">Layout: Written in 19 lines per page ; frame-ruled.</subfield></datafield><datafield tag="500" ind1=" " ind2=" "><subfield code="a">Collation: ii, V-2 (8), 16 V(168), IV-1 (175), ii ; almost exclusively quinions ; opening quire (in a different hand) lacks catchwords, elsewhere catchwords present ; mid-quire marks in the form of ٢ in upper outer margin of the right-hand leaf and lower outer margin of the left-hand leaf ; quire numbering in the form of whole words with catch title ("الثاني") from the third quire on, in the upper outer corner of the recto of the opening leaf of each quire ; pagination in pencil, Western numerals, supplied during digitization (includes flyleaves).</subfield></datafield><datafield tag="500" ind1=" " ind2=" "><subfield code="a">Explicit: "على مواضع التحقيق والاستعار بان مثل هذا علن [؟] ان يقال والله اعلم"</subfield></datafield><datafield tag="500" ind1=" " ind2=" "><subfield code="a">Incipit: "تشمل ما تقدم [؟] ايضا وقول ا مع مراحيه [؟] عنه احتراز من قوله افعل ولا تفعل ..."</subfield></datafield><datafield tag="500" ind1=" " ind2=" "><subfield code="a">Title from tail edge.</subfield></datafield><datafield tag="500" ind1=" " ind2=" "><subfield code="a">Ms. codex.</subfield></datafield><datafield tag="510" ind1="4" ind2=" "><subfield code="a">Anawati, G.C. "Fak̲h̲r al-Dīn al-Rāzī." EI2,</subfield><subfield code="c">vol.II, p.751, col.2</subfield></datafield><datafield tag="510" ind1="4" ind2=" "><subfield code="a">Ḥājjī Khalīfah. Kashf al-ẓunūn,</subfield><subfield code="c">vi 5 ; ii 373</subfield></datafield><datafield tag="510" ind1="4" ind2=" "><subfield code="a">Brockelmann, C. GAL,</subfield><subfield code="c">S I 920-4 ; I 506 ff.</subfield></datafield><datafield tag="510" ind1="4" ind2=" "><subfield code="a">al-Khiyamī, Ṣalāh Muḥammad wa-Muḥammad Muṭīʻ al-Ḥāfiẓ. al-Fihris al-ʻāmm li-makhṭūṭāt Dār al-Kutub al-Ẓāhirīyah. Dimashq : Majmaʻ al-Lughah al-ʻArabīyah bi-Dimashq, 1987,</subfield><subfield code="c">p.143</subfield></datafield><datafield tag="520" ind1="8" ind2=" "><subfield code="a">Fine copy of an odd second volume of a commentary (possibly of Ḥusām al-Dīn Abī al-Faḍl Muḥammad al-Nūrī, see GAL, S I, p.921) on al-Muntakhab fī al-uṣūl min al-Maḥṣūl of Fakhr al-Dīn al-Rāzī (d.1209) (compare the ms. in Dār al-Kutub al-Ẓāhirīyah, no.2811), opening in al-Faṣl al-sādis (presumably on al-nāsikh wa-al-mansūkh) and closing in al-Faṣl al-thālith ʻashar fī-mā ikhtalafa fīhi al-mujtahidūn.</subfield></datafield><datafield tag="538" ind1=" " ind2=" "><subfield code="a">Mode of access: Internet.</subfield></datafield><datafield tag="541" ind1=" " ind2=" "><subfield code="a">Acquired in 1926 from the bookseller Isaac Benjamin S.E. Yahuda via purchase transacted on his behalf by his younger brother, the famous Orientalist and manuscript collector Abraham Shalom Yahuda (1877-1951).</subfield></datafield><datafield tag="546" ind1=" " ind2=" "><subfield code="a">Arabic.</subfield></datafield><datafield tag="561" ind1=" " ind2=" "><subfield code="a">Rare marginal corrections (see pp.81, 255, 257, 332, 333 occasionally with bāʼ hindīyah reference mark) ; possible collation marks in the form of three dots (see pp.8, 12, etc.).</subfield></datafield><datafield tag="600" ind1="1" ind2="0"><subfield code="a">Rāzī, Fakhr al-Dīn Muḥammad ibn ʻUmar,</subfield><subfield code="d">1149 or 50-1210.</subfield><subfield code="t">Muntakhab fī al-uṣūl min al-Maḥṣūl.</subfield></datafield><datafield tag="650" ind1=" " ind2="0"><subfield code="a">Manuscripts, Arabic</subfield><subfield code="z">Michigan</subfield><subfield code="z">Ann Arbor.</subfield></datafield><datafield tag="650" ind1=" " ind2="0"><subfield code="a">Islamic law</subfield><subfield code="x">Interpretation and construction</subfield><subfield code="v">Early works to 1800.</subfield></datafield><datafield tag="773" ind1="0" ind2=" "><subfield code="a">Yahuda Collection.</subfield></datafield><datafield tag="880" ind1="0" ind2="2"><subfield code="6">245-03/</subfield><subfield code="a">الثاني من شرح المنتخب في الاصول</subfield><subfield code="f">[القرن 13 او 14م؟].</subfield></datafield><datafield tag="CID" ind1=" " ind2=" "><subfield code="a">006805003</subfield></datafield><datafield tag="DAT" ind1="0" ind2=" "><subfield code="a">20190719102637.0</subfield><subfield code="b">20190719000000.0</subfield></datafield><datafield tag="DAT" ind1="1" ind2=" "><subfield code="a">20190719090653.0</subfield><subfield code="b">2019-07-19T16:11:30Z</subfield></datafield><datafield tag="DAT" ind1="2" ind2=" "><subfield code="a">2015-10-02T18:00:03Z</subfield></datafield><datafield tag="CAT" ind1=" " ind2=" "><subfield code="a">SDR-MIU</subfield><subfield code="d">EX LIBRIS - ALEPH</subfield><subfield code="l">prepare.pl-004-008</subfield></datafield><datafield tag="FMT" ind1=" " ind2=" "><subfield code="a">BK</subfield></datafield><datafield tag="HOL" ind1=" " ind2=" "><subfield code="0">sdr-miu006805003</subfield><subfield code="a">MiU</subfield><subfield code="b">SDR</subfield><subfield code="c">MIU</subfield><subfield code="p">mdp.39015079127026</subfield><subfield code="s">MIU</subfield><subfield code="1">006805003</subfield></datafield><datafield tag="974" ind1=" " ind2=" "><subfield code="b">MIU</subfield><subfield code="c">MIU</subfield><subfield code="d">20190719</subfield><subfield code="s">lit-dlps-dc</subfield><subfield code="u">mdp.39015079127026</subfield><subfield code="y">1399</subfield><subfield code="r">pd</subfield><subfield code="q">bib</subfield><subfield code="t">non-US bib date2 &lt; 1896</subfield></datafield></record></collection>